<record><leader>00000cas a22000007a 4500</leader><controlfield tag="001">24200884</controlfield><controlfield tag="008">910808d197919uunhuuu ne      0    0eng d</controlfield><datafield ind1=" " ind2=" " tag="010"><subfield code="a">sn 91063191 </subfield></datafield><datafield ind1=" " ind2=" " tag="040"><subfield code="a">NVH</subfield><subfield code="b">eng</subfield><subfield code="c">NVH</subfield><subfield code="d">OCLCQ</subfield></datafield><datafield ind1=" " ind2=" " tag="042"><subfield code="a">msc</subfield></datafield><datafield ind1="0" ind2="4" tag="245"><subfield code="a">The Jaffrey Center occasional.</subfield></datafield><datafield ind1=" " ind2=" " tag="260"><subfield code="a">424&#778;9 &#769;N by 720&#778;3 &#769;W [Jaffrey, N.H.] :</subfield><subfield code="b">T. &amp; V. Angeloro, R. Stephenson, A. &amp; P. Hollingsworth</subfield></datafield><datafield ind1=" " ind2=" " tag="300"><subfield code="a">v.</subfield></datafield><datafield ind1="0" ind2=" " tag="362"><subfield code="a">No. 1 (Apr. 1979)-</subfield></datafield><datafield ind1=" " ind2=" " tag="752"><subfield code="a">United States</subfield><subfield code="b">New Hampshire</subfield><subfield code="c">Cheshire</subfield><subfield code="d">Jaffrey.</subfield></datafield></record>